<record><leader>00000cas a22000007a 4500</leader><controlfield tag="001">20609494</controlfield><controlfield tag="008">891107d19261926mouwr ne      0    0eng d</controlfield><datafield ind1=" " ind2=" " tag="010"><subfield code="a">sn 89067407 </subfield></datafield><datafield ind1=" " ind2=" " tag="040"><subfield code="a">MQN</subfield><subfield code="b">eng</subfield><subfield code="c">MQN</subfield><subfield code="d">OCLCQ</subfield></datafield><datafield ind1=" " ind2=" " tag="042"><subfield code="a">msc</subfield></datafield><datafield ind1="0" ind2=" " tag="130"><subfield code="a">Missouri state journal (Excelsior Springs, Mo.)</subfield></datafield><datafield ind1="1" ind2="0" tag="245"><subfield code="a">Missouri state journal.</subfield></datafield><datafield ind1=" " ind2=" " tag="260"><subfield code="a">Excelsior Springs, Mo. :</subfield><subfield code="b">Missouri Press Pub. Co.,</subfield><subfield code="c">1926-</subfield></datafield><datafield ind1=" " ind2=" " tag="300"><subfield code="a">v.</subfield></datafield><datafield ind1=" " ind2=" " tag="310"><subfield code="a">Weekly</subfield></datafield><datafield ind1="0" ind2=" " tag="362"><subfield code="a">Vol. 1, no. 1 (Jan. 30, 1926)-</subfield></datafield><datafield ind1="1" ind2=" " tag="362"><subfield code="a">Ceased in 1926?</subfield></datafield><datafield ind1=" " ind2=" " tag="752"><subfield code="a">United States</subfield><subfield code="b">Missouri</subfield><subfield code="c">Clay</subfield><subfield code="d">Excelsior Springs.</subfield></datafield></record>